<collection xmlns="http://www.loc.gov/MARC21/slim">
<record>
  <leader>01394nam0a2200253 i 450 </leader>
  <controlfield tag="001">IT\ICCU\CNCE\010567</controlfield>
  <controlfield tag="005">20140307000000.0</controlfield>
  <datafield tag="012" ind1=" " ind2=" ">
    <subfield code="a">,e,e u-cu vomi rug. (C) 1588 (R)</subfield>
    <subfield code="2">fei</subfield>
    <subfield code="9">A</subfield>
  </datafield>
  <datafield tag="012" ind1=" " ind2=" ">
    <subfield code="a">,e,e essi riad moto (C) 1588 (R)</subfield>
    <subfield code="2">fei</subfield>
    <subfield code="9">B</subfield>
  </datafield>
  <datafield tag="100" ind1=" " ind2=" ">
    <subfield code="a">19970101d1588        0itac0103    ba</subfield>
  </datafield>
  <datafield tag="101" ind1=" " ind2=" ">
    <subfield code="a">ITA</subfield>
  </datafield>
  <datafield tag="102" ind1=" " ind2=" ">
    <subfield code="a">IT</subfield>
  </datafield>
  <datafield tag="200" ind1="1" ind2=" ">
    <subfield code="a">Oratione di Gio. Antonio Caualli a gli illustr.mi sig. sindici auogadori, et proueditori generali di Terraferma, et d&apos;Istria, in ringratiamento della visita, e sindicato dell&apos;illustriss. sig. Francesco Faliero, ad instanza della sp. communit ̉di Romano, da lui recitata li 13 agosto 1588. Nella magnifica citt ̉di Crema</subfield>
  </datafield>
  <datafield tag="210" ind1=" " ind2=" ">
    <subfield code="a">In Bergamo</subfield>
    <subfield code="c">per Comino Ventura</subfield>
    <subfield code="d">1588</subfield>
  </datafield>
  <datafield tag="215" ind1=" " ind2=" ">
    <subfield code="a">\8! c.</subfield>
    <subfield code="d">4ʻ</subfield>
  </datafield>
  <datafield tag="620" ind1=" " ind2=" ">
    <subfield code="a">IT</subfield>
    <subfield code="d">Bergamo</subfield>
  </datafield>
  <datafield tag="700" ind1=" " ind2="1">
    <subfield code="a">Cavalli,</subfield>
    <subfield code="b">Giovanni Antonio</subfield>
    <subfield code="3">IT\ICCU\CNCA\002871</subfield>
  </datafield>
  <datafield tag="712" ind1="0" ind2="0">
    <subfield code="a">Ventura, Comino</subfield>
    <subfield code="3">IT\ICCU\CNCT\000028</subfield>
    <subfield code="4">650</subfield>
  </datafield>
  <datafield tag="801" ind1=" " ind2="3">
    <subfield code="a">IT</subfield>
    <subfield code="b">ICCU</subfield>
    <subfield code="c">20201113</subfield>
  </datafield>
  <datafield tag="899" ind1=" " ind2=" ">
    <subfield code="a">Biblioteca universitaria. Pavia</subfield>
    <subfield code="1">PV0291</subfield>
    <subfield code="2">MIL UP</subfield>
  </datafield>
  <datafield tag="899" ind1=" " ind2=" ">
    <subfield code="a">Biblioteca civica Gambalunghiana. Rimini</subfield>
    <subfield code="z">(Var. B)</subfield>
    <subfield code="1">RN0013</subfield>
    <subfield code="2">RAV RI</subfield>
  </datafield>
  <datafield tag="899" ind1=" " ind2=" ">
    <subfield code="a">Biblioteca d&apos;arte del Museo civico Correr. Venezia</subfield>
    <subfield code="z">(Var. B)</subfield>
    <subfield code="1">VE0039</subfield>
    <subfield code="2">VEA BC</subfield>
  </datafield>
  <datafield tag="911" ind1=" " ind2=" ">
    <subfield code="a">nel front.</subfield>
    <subfield code="9">IT\ICCU\CNCM\000554</subfield>
  </datafield>
  <datafield tag="921" ind1=" " ind2=" ">
    <subfield code="a">IT\ICCU\CNCM\000554</subfield>
    <subfield code="b">Fortuna (donna in mare su delfino con vela al vento). Sole sullo sfondo.</subfield>
    <subfield code="e">Bona fortunae</subfield>
    <subfield code="c">A34</subfield>
    <subfield code="c">Z573</subfield>
    <subfield code="d">Dimensioni: 3,9 x 4,8</subfield>
    <subfield code="f">BONAFORTUN</subfield>
    <subfield code="f">DELFINO</subfield>
    <subfield code="f">FORTUNA</subfield>
    <subfield code="f">SOLE</subfield>
    <subfield code="f">VELA</subfield>
    <subfield code="g">1580-1600</subfield>
  </datafield>
</record>
</collection>
